@INPROCEEDINGS{Marais2017,
author={J. M. Marais and R. Malekian and A. M. Abu-Mahfouz},
booktitle={2017 IEEE AFRICON},
title={LoRa and LoRaWAN testbeds: A review},
year={2017},
volume={},
number={},
pages={1496-1501},
doi={10.1109/AFRCON.2017.8095703},
ISSN={},
month={Sept},}

@INPROCEEDINGS{Aref2014,
author={M. Aref and A. Sikora},
booktitle={2014 2nd International Symposium on Wireless Systems within the Conferences on Intelligent Data Acquisition and Advanced Computing Systems},
title={Free space range measurements with Semtech Lora technology},
year={2014},
volume={},
number={},
pages={19-23},
doi={10.1109/IDAACS-SWS.2014.6954616},
ISSN={},
month={Sept},}

@INPROCEEDINGS{Nolan2016,
author={K. E. Nolan and W. Guibene and M. Y. Kelly},
booktitle={2016 International Wireless Communications and Mobile Computing Conference (IWCMC)},
title={An evaluation of low power wide area network technologies for the Internet of Things},
year={2016},
volume={},
number={},
pages={439-444},
doi={10.1109/IWCMC.2016.7577098},
ISSN={},
month={Sept},}

@inproceedings{Augustin2016,
  title={A Study of LoRa: Long Range and Low Power Networks for the Internet of Things},
  author={Alo{\"y}s Augustin and Jiazi Yi and Thomas H. Clausen and William Mark Townsley},
  booktitle={Sensors},
  year={2016}
}

@manual{LoRaAlliance2015,
	title={A technical overview of LoRa and LoRaWAN},
	address = {https://www.lora-alliance.org/sites/default/files/2018-04/what-is-lorawan.pdf},
	organization = {Lora Alliance},
	year = {2015},
	month = {November}
}

@book{Cressi1993,
  Author = {Cressie, Noel A. C.},
  Publisher = {John Wiley \& Sons},
  Title = {Statistics for spatial data},
  Address = {New York; Chichester},
  Year = {1993}
}

@book{Webster2007,
  title={Geostatistics for Environmental Scientists},
  author={Webster, R. and Oliver, M.A.},
  isbn={9780470517260},
  series={Statistics in Practice},
  url={https://books.google.at/books?id=3wYK6\_OaJl4C},
  year={2007},
  publisher={Wiley}
}

